@article{LUref,
  title={Necessary and sufficient conditions for existence of the LU factorization of an arbitrary matrix},
  author={Okunev, Pavel and Johnson, Charles R},
  journal={arXiv preprint math/0506382},
  year={2005}
}

@book{linalg,
	title={Linear Algebra and Its Applications},
	author={Lay, D.C.},
	isbn={9788177583335},
	year={2002},
	publisher={Pearson Education}
}
@article{Jacobis,
	author = {Corbat\'{o}, F. J.},
	title = {On the Coding of Jacobi's Method for Computing Eigenvalues and Eigenvectors of Real Symmetric Matrices},
	journal = {J. ACM},
	issue_date = {April 1963},
	volume = {10},
	number = {2},
	month = apr,
	year = {1963},
	issn = {0004-5411},
	pages = {123--125},
	numpages = {3},
	url = {http://doi.acm.org/10.1145/321160.321161},
	doi = {10.1145/321160.321161},
	acmid = {321161},
	publisher = {ACM},
	address = {New York, NY, USA},
} 

@article{einstein,
    author =       "Albert Einstein",
    title =        "{Zur Elektrodynamik bewegter K{\"o}rper}. ({German})
        [{On} the electrodynamics of moving bodies]",
    journal =      "Annalen der Physik",
    volume =       "322",
    number =       "10",
    pages =        "891--921",
    year =         "1905",
    DOI =          "http://dx.doi.org/10.1002/andp.19053221004"
}

@book{latexcompanion,
    author    = "Michel Goossens and Frank Mittelbach and Alexander Samarin",
    title     = "The \LaTeX\ Companion",
    year      = "1993",
    publisher = "Addison-Wesley",
    address   = "Reading, Massachusetts"
}

@misc{knuthwebsite,
    author    = "Donald Knuth",
    title     = "Knuth: Computers and Typesetting",
    url       = "http://www-cs-faculty.stanford.edu/\~{}uno/abcde.html"
}

