@article{LUref,
  title={Necessary and sufficient conditions for existence of the LU factorization of an arbitrary matrix},
  author={Okunev, Pavel and Johnson, Charles R},
  journal={arXiv preprint math/0506382},
  year={2005}
}


@article{einstein,
    author =       "Albert Einstein",
    title =        "{Zur Elektrodynamik bewegter K{\"o}rper}. ({German})
        [{On} the electrodynamics of moving bodies]",
    journal =      "Annalen der Physik",
    volume =       "322",
    number =       "10",
    pages =        "891--921",
    year =         "1905",
    DOI =          "http://dx.doi.org/10.1002/andp.19053221004"
}

@book{latexcompanion,
    author    = "Michel Goossens and Frank Mittelbach and Alexander Samarin",
    title     = "The \LaTeX\ Companion",
    year      = "1993",
    publisher = "Addison-Wesley",
    address   = "Reading, Massachusetts"
}

@misc{knuthwebsite,
    author    = "Donald Knuth",
    title     = "Knuth: Computers and Typesetting",
    url       = "http://www-cs-faculty.stanford.edu/\~{}uno/abcde.html"
}

@article{statmech,
	title={Introduction to Monte Carlo methods for an Ising Model of a Ferromagnet},
	author={Kotze, Jacques},
	journal={arXiv preprint arXiv:0803.0217},
	year={2008}
}

@article{onsager,
	title = {Crystal Statistics. I. A Two-Dimensional Model with an Order-Disorder Transition},
	author = {Onsager, Lars},
	journal = {Phys. Rev.},
	volume = {65},
	issue = {3-4},
	pages = {117--149},
	numpages = {0},
	year = {1944},
	month = {Feb},
	publisher = {American Physical Society},
	doi = {10.1103/PhysRev.65.117},
	url = {https://link.aps.org/doi/10.1103/PhysRev.65.117}
}
