@article{LUref,
  title={Necessary and sufficient conditions for existence of the LU factorization of an arbitrary matrix},
  author={Okunev, Pavel and Johnson, Charles R},
  journal={arXiv preprint math/0506382},
  year={2005}
}


@article{einstein,
    author =       "Albert Einstein",
    title =        "{Zur Elektrodynamik bewegter K{\"o}rper}. ({German})
        [{On} the electrodynamics of moving bodies]",
    journal =      "Annalen der Physik",
    volume =       "322",
    number =       "10",
    pages =        "891--921",
    year =         "1905",
    DOI =          "http://dx.doi.org/10.1002/andp.19053221004"
}

@book{latexcompanion,
    author    = "Michel Goossens and Frank Mittelbach and Alexander Samarin",
    title     = "The \LaTeX\ Companion",
    year      = "1993",
    publisher = "Addison-Wesley",
    address   = "Reading, Massachusetts"
}

@misc{knuthwebsite,
    author    = "Donald Knuth",
    title     = "Knuth: Computers and Typesetting",
    url       = "http://www-cs-faculty.stanford.edu/\~{}uno/abcde.html"
}

@INPROCEEDINGS{horizon,
	author = {{Giorgini}, J.~D. and {Yeomans}, D.~K. and {Chamberlin}, A.~B. and 
	{Chodas}, P.~W. and {Jacobson}, R.~A. and {Keesey}, M.~S. and 
	{Lieske}, J.~H. and {Ostro}, S.~J. and {Standish}, E.~M. and 
	{Wimberly}, R.~N.},
	title = "{JPL's On-Line Solar System Data Service}",
	booktitle = {AAS/Division for Planetary Sciences Meeting Abstracts \#28},
	year = 1996,
	series = {Bulletin of the American Astronomical Society},
	volume = 28,
	month = sep,
	eid = {25.04},
	pages = {1158},
	adsurl = {http://adsabs.harvard.edu/abs/1996DPS....28.2504G},
	adsnote = {Provided by the SAO/NASA Astrophysics Data System}
}